@misc{bibtex,
	author = {Alexander Feder},
	title = {About {BibTeX}},
	howpublished = {\url{http://www.bibtex.org/About/}},
	year = {2006}
}



%  //////////////////////// GVGAI ////////////////////////

@misc{GVGAI,
	author = {Diego Perez},
	title = {The General Video Game AI Competition},
	howpublished = {\url{http://http://www.gvgai.net/}},
	year = {2017}
}

@inproceedings{perez2016analyzing,
  title={Analyzing the robustness of general video game playing agents},
  author={P{\'e}rez-Li{\'e}bana, Diego and Samothrakis, Spyridon and Togelius, Julian and Schaul, Tom and Lucas, Simon M},
  booktitle={Computational Intelligence and Games (CIG), 2016 IEEE Conference on},
  pages={1--8},
  year={2016},
  organization={IEEE}
}

@misc{ross2014general,
  title={General video game playing with goal orientation},
  author={Ross, Blaine},
  year={2014},
  publisher={September}
}

@inproceedings{perez2016GVGAICompetition,
  title={General video game ai: Competition, challenges and opportunities},
  author={Perez-Liebana, Diego and Samothrakis, Spyridon and Togelius, Julian and Lucas, Simon M and Schaul, Tom},
  booktitle={Thirtieth AAAI Conference on Artificial Intelligence},
  year={2016}
}