@misc{bibtex,
	author = {Alexander Feder},
	title = {About {BibTeX}},
	howpublished = {\url{http://www.bibtex.org/About/}},
	year = {2006}
}
